
% article (author,title,journal,year)[volume,number,pages,month,note]
% book (author|editor,title,publisher,year)
%   [volume|number,series,address,edition,month,note]
% masterthesis (author,title,school,year)[type,address,month,note]
% phdthesis (author,title,school,year)[type,address,month,note]

@article{reckwitz2003praktiken,
 author={Andreas Reckwitz}, 
 title={Grundelemente einer Theorie sozialer Praktiken. %
        Eine sozialtheoretische Perspektive}, 
 journal={Zeitschrift f√ºr Soziologie},
 year={2003},
 number={4},
 pages={282-301}
}